@bachelorsthesis{gomez2025,
  author  = {Juan Gómez},
  title   = {Desarrollo de un sistema de gestión de inventario},
  school  = {Universidad Nacional de Ingeniería},
  year    = {2025},
  type    = {Trabajo de Graduación},
  address = {Managua, Nicaragua}
}

@misc{SIG,
  author = {Francisco Alonso Sarría},
  title  = {Sistemas de Información Geográfica},
  url    = {https://www.um.es/geograf/sigmur/sigpdf/temario_in.pdf},
  note   = {Accedido: 13 de junio de 2025}
}
@misc{flutterOficial,
  author = {Flutter},
  title  = {Sitio oficial de Flutter para desarrolladores},
  url    = {https://flutter.dev/},
  note   = {Accedido: 13 de junio de 2025}
}
@misc{flutterMap,
  author = {Flutter},
  title  = {Documentación oficial de la librería Flutter Map},
  url    = {https://pub.dev/packages/flutter_map},
  note   = {Accedido: 13 de junio de 2025}
}
@misc{dartOficial,
  author = {Dart},
  title  = {Sitio oficial de Dart para desarrolladores},
  url    = {https://dart.dev/},
  note   = {Accedido: 13 de junio de 2025}
}
@misc{PDA,
  author = {Encyclopaedia Britannica},
  title  = {PDA - handheld computer},
  url    = {https://www.britannica.com/technology/PDA},
  note   = {Accedido: 13 de junio de 2025}
}
@bachelorsthesis{geoBase,
  author  = {Leonel Alejandro G. L.},
  title   = {Geobase: aplicación móvil diseñada para el levantamiento en campo},
  school  = {Universidad de La Habana},
  year    = {2021},
  type    = {Tesis de graduación},
  address = {Habana, Cuba}
}
@bachelorsthesis{notificadorEncuestador,
  author  = {Sheyla C. C.},
  title   = {Aplicaciones móviles para la recogida y notificación de datos en campo sobre las propiedades de Managua, Nicaragua},
  school  = {Universidad de La Habana},
  year    = {2022},
  type    = {Tesis de graduación},
  address = {Habana, Cuba}
}
@bachelorsthesis{netTopologic,
  author  = {Abraham G. R.},
  title   = {NetTopologic: Aplicación móvil para el levantamiento en campos},
  school  = {Universidad de La Habana},
  year    = {2022},
  type    = {Tesis de graduación},
  address = {Habana, Cuba}
}

@misc{MVC,
  author = {mdn web docs},
  title  = {Modelo-Vista-Controlador},
  url    = {https://developer.mozilla.org/es/docs/Glossary/MVC},
  note   = {Accedido: 13 de junio de 2025}
}
@misc{MVVM,
  author = {Microsoft},
  title  = {Modelo-Vista-Modelo de vista},
  url    = {https://learn.microsoft.com/es-es/dotnet/architecture/maui/mvvm},
  note   = {Accedido: 13 de junio de 2025}
}